%YAML 1.1
%TAG !u! tag:unity3d.com,2011:
--- !u!29 &1
SceneSettings:
  m_ObjectHideFlags: 0
  m_PVSData: 
  m_QueryMode: 1
  m_PVSObjectsArray: []
  m_PVSPortalsArray: []
  m_OcclusionBakeSettings:
    viewCellSize: 1
    bakeMode: 2
    memoryUsage: 10485760
--- !u!104 &2
RenderSettings:
  m_Fog: 0
  m_FogColor: {r: .5, g: .5, b: .5, a: 1}
  m_FogMode: 3
  m_FogDensity: .00999999978
  m_LinearFogStart: 0
  m_LinearFogEnd: 300
  m_AmbientLight: {r: .200000003, g: .200000003, b: .200000003, a: 1}
  m_SkyboxMaterial: {fileID: 0}
  m_HaloStrength: .5
  m_FlareStrength: 1
  m_HaloTexture: {fileID: 0}
  m_SpotCookie: {fileID: 0}
  m_ObjectHideFlags: 0
--- !u!127 &3
LevelGameManager:
  m_ObjectHideFlags: 0
--- !u!157 &4
LightmapSettings:
  m_ObjectHideFlags: 0
  m_LightProbes: {fileID: 0}
  m_Lightmaps: []
  m_LightmapsMode: 1
  m_BakedColorSpace: 0
  m_UseDualLightmapsInForward: 0
  m_LightmapEditorSettings:
    m_Resolution: 50
    m_LastUsedResolution: 0
    m_TextureWidth: 1024
    m_TextureHeight: 1024
    m_BounceBoost: 1
    m_BounceIntensity: 1
    m_SkyLightColor: {r: .860000014, g: .930000007, b: 1, a: 1}
    m_SkyLightIntensity: 0
    m_Quality: 0
    m_Bounces: 1
    m_FinalGatherRays: 1000
    m_FinalGatherContrastThreshold: .0500000007
    m_FinalGatherGradientThreshold: 0
    m_FinalGatherInterpolationPoints: 15
    m_AOAmount: 0
    m_AOMaxDistance: .100000001
    m_AOContrast: 1
    m_LODSurfaceMappingDistance: 1
    m_Padding: 0
    m_TextureCompression: 0
    m_LockAtlas: 0
--- !u!196 &5
NavMeshSettings:
  m_ObjectHideFlags: 0
  m_BuildSettings:
    agentRadius: .5
    agentHeight: 2
    agentSlope: 45
    agentClimb: .400000006
    ledgeDropHeight: 0
    maxJumpAcrossDistance: 0
    accuratePlacement: 0
    minRegionArea: 2
    widthInaccuracy: 16.666666
    heightInaccuracy: 10
  m_NavMesh: {fileID: 0}
--- !u!1 &731532455
GameObject:
  m_ObjectHideFlags: 0
  m_PrefabParentObject: {fileID: 0}
  m_PrefabInternal: {fileID: 0}
  serializedVersion: 4
  m_Component:
  - 4: {fileID: 731532457}
  - 131: {fileID: 731532456}
  - 114: {fileID: 731532458}
  m_Layer: 4
  m_Name: UnityWatermark-small
  m_TagString: Untagged
  m_Icon: {fileID: 0}
  m_NavMeshLayer: 0
  m_StaticEditorFlags: 0
  m_IsActive: 1
--- !u!131 &731532456
GUITexture:
  m_ObjectHideFlags: 0
  m_PrefabParentObject: {fileID: 0}
  m_PrefabInternal: {fileID: 0}
  m_GameObject: {fileID: 731532455}
  m_Enabled: 1
  m_Texture: {fileID: 2800000, guid: dc4d92a414e23934085a9fd343b355c2, type: 3}
  m_Color: {r: .5, g: .5, b: .5, a: .5}
  m_PixelInset:
    serializedVersion: 2
    x: -160.360001
    y: -29
    width: 192
    height: 192
  m_LeftBorder: 0
  m_RightBorder: 0
  m_TopBorder: 0
  m_BottomBorder: 0
--- !u!4 &731532457
Transform:
  m_ObjectHideFlags: 0
  m_PrefabParentObject: {fileID: 0}
  m_PrefabInternal: {fileID: 0}
  m_GameObject: {fileID: 731532455}
  m_LocalRotation: {x: 0, y: 0, z: 0, w: 1}
  m_LocalPosition: {x: .5, y: .5, z: 0}
  m_LocalScale: {x: 0, y: 0, z: 1}
  m_Children: []
  m_Father: {fileID: 0}
--- !u!114 &731532458
MonoBehaviour:
  m_ObjectHideFlags: 0
  m_PrefabParentObject: {fileID: 0}
  m_PrefabInternal: {fileID: 0}
  m_GameObject: {fileID: 731532455}
  m_Enabled: 1
  m_EditorHideFlags: 0
  m_Script: {fileID: 11500000, guid: 1381d8ccbc2680540bff35f03381cf7a, type: 3}
  m_Name: 
  m_EditorClassIdentifier: 
--- !u!1 &1390770535
GameObject:
  m_ObjectHideFlags: 0
  m_PrefabParentObject: {fileID: 100004, guid: 9d4133d5d30b644bd87802a347eaccbe, type: 2}
  m_PrefabInternal: {fileID: 0}
  serializedVersion: 4
  m_Component:
  - 4: {fileID: 1390770541}
  - 20: {fileID: 1390770540}
  - 92: {fileID: 1390770539}
  - 124: {fileID: 1390770538}
  - 81: {fileID: 1390770536}
  - 114: {fileID: 1390770542}
  m_Layer: 0
  m_Name: Main Camera
  m_TagString: MainCamera
  m_Icon: {fileID: 0}
  m_NavMeshLayer: 0
  m_StaticEditorFlags: 0
  m_IsActive: 1
--- !u!81 &1390770536
AudioListener:
  m_ObjectHideFlags: 0
  m_PrefabParentObject: {fileID: 8100000, guid: 9d4133d5d30b644bd87802a347eaccbe,
    type: 2}
  m_PrefabInternal: {fileID: 0}
  m_GameObject: {fileID: 1390770535}
  m_Enabled: 1
--- !u!124 &1390770538
Behaviour:
  m_ObjectHideFlags: 0
  m_PrefabParentObject: {fileID: 12400000, guid: 9d4133d5d30b644bd87802a347eaccbe,
    type: 2}
  m_PrefabInternal: {fileID: 0}
  m_GameObject: {fileID: 1390770535}
  m_Enabled: 1
--- !u!92 &1390770539
Behaviour:
  m_ObjectHideFlags: 0
  m_PrefabParentObject: {fileID: 9200000, guid: 9d4133d5d30b644bd87802a347eaccbe,
    type: 2}
  m_PrefabInternal: {fileID: 0}
  m_GameObject: {fileID: 1390770535}
  m_Enabled: 1
--- !u!20 &1390770540
Camera:
  m_ObjectHideFlags: 0
  m_PrefabParentObject: {fileID: 2000000, guid: 9d4133d5d30b644bd87802a347eaccbe,
    type: 2}
  m_PrefabInternal: {fileID: 0}
  m_GameObject: {fileID: 1390770535}
  m_Enabled: 1
  serializedVersion: 2
  m_ClearFlags: 1
  m_BackGroundColor: {r: .19166474, g: .301966369, b: .474509805, a: 1}
  m_NormalizedViewPortRect:
    serializedVersion: 2
    x: 0
    y: 0
    width: 1
    height: 1
  near clip plane: .300000012
  far clip plane: 1000
  field of view: 60
  orthographic: 0
  orthographic size: 100
  m_Depth: 0
  m_CullingMask:
    serializedVersion: 2
    m_Bits: 4294967295
  m_RenderingPath: -1
  m_TargetTexture: {fileID: 0}
  m_HDR: 0
--- !u!4 &1390770541
Transform:
  m_ObjectHideFlags: 0
  m_PrefabParentObject: {fileID: 400004, guid: 9d4133d5d30b644bd87802a347eaccbe, type: 2}
  m_PrefabInternal: {fileID: 0}
  m_GameObject: {fileID: 1390770535}
  m_LocalRotation: {x: 0, y: 0, z: 0, w: 1}
  m_LocalPosition: {x: 3.13827419, y: 1.62917089, z: 1.27120638}
  m_LocalScale: {x: 1, y: 1, z: 1}
  m_Children: []
  m_Father: {fileID: 0}
--- !u!114 &1390770542
MonoBehaviour:
  m_ObjectHideFlags: 0
  m_PrefabParentObject: {fileID: 0}
  m_PrefabInternal: {fileID: 0}
  m_GameObject: {fileID: 1390770535}
  m_Enabled: 1
  m_EditorHideFlags: 0
  m_Script: {fileID: 11500000, guid: 62ec1206ad0944d4295bcaa822dfc330, type: 3}
  m_Name: 
  m_EditorClassIdentifier: 
  DatabaseName: veekun-pokedex.sqlite
  TableName: pokemon_species_names
  pkdfont: {fileID: 12800000, guid: 09e4287b534d379438978c95004d5ba4, type: 3}
  style:
    m_Name: 
    m_Normal:
      m_Background: {fileID: 0}
      m_TextColor: {r: 0, g: 0, b: 0, a: 1}
    m_Hover:
      m_Background: {fileID: 0}
      m_TextColor: {r: 0, g: 0, b: 0, a: 1}
    m_Active:
      m_Background: {fileID: 0}
      m_TextColor: {r: 0, g: 0, b: 0, a: 1}
    m_Focused:
      m_Background: {fileID: 0}
      m_TextColor: {r: 0, g: 0, b: 0, a: 1}
    m_OnNormal:
      m_Background: {fileID: 0}
      m_TextColor: {r: 0, g: 0, b: 0, a: 1}
    m_OnHover:
      m_Background: {fileID: 0}
      m_TextColor: {r: 0, g: 0, b: 0, a: 1}
    m_OnActive:
      m_Background: {fileID: 0}
      m_TextColor: {r: 0, g: 0, b: 0, a: 1}
    m_OnFocused:
      m_Background: {fileID: 0}
      m_TextColor: {r: 0, g: 0, b: 0, a: 1}
    m_Border:
      m_Left: 0
      m_Right: 0
      m_Top: 0
      m_Bottom: 0
    m_Margin:
      m_Left: 0
      m_Right: 0
      m_Top: 0
      m_Bottom: 0
    m_Padding:
      m_Left: 0
      m_Right: 0
      m_Top: 0
      m_Bottom: 0
    m_Overflow:
      m_Left: 0
      m_Right: 0
      m_Top: 0
      m_Bottom: 0
    m_Font: {fileID: 0}
    m_FontSize: 0
    m_FontStyle: 0
    m_Alignment: 0
    m_WordWrap: 0
    m_RichText: 1
    m_TextClipping: 0
    m_ImagePosition: 0
    m_ContentOffset: {x: 0, y: 0}
    m_FixedWidth: 0
    m_FixedHeight: 0
    m_StretchWidth: 1
    m_StretchHeight: 0
  sty:
    m_Name: 
    m_Normal:
      m_Background: {fileID: 0}
      m_TextColor: {r: 0, g: 0, b: 0, a: 1}
    m_Hover:
      m_Background: {fileID: 0}
      m_TextColor: {r: 0, g: 0, b: 0, a: 1}
    m_Active:
      m_Background: {fileID: 0}
      m_TextColor: {r: 0, g: 0, b: 0, a: 1}
    m_Focused:
      m_Background: {fileID: 0}
      m_TextColor: {r: 0, g: 0, b: 0, a: 1}
    m_OnNormal:
      m_Background: {fileID: 0}
      m_TextColor: {r: 0, g: 0, b: 0, a: 1}
    m_OnHover:
      m_Background: {fileID: 0}
      m_TextColor: {r: 0, g: 0, b: 0, a: 1}
    m_OnActive:
      m_Background: {fileID: 0}
      m_TextColor: {r: 0, g: 0, b: 0, a: 1}
    m_OnFocused:
      m_Background: {fileID: 0}
      m_TextColor: {r: 0, g: 0, b: 0, a: 1}
    m_Border:
      m_Left: 0
      m_Right: 0
      m_Top: 0
      m_Bottom: 0
    m_Margin:
      m_Left: 0
      m_Right: 0
      m_Top: 0
      m_Bottom: 0
    m_Padding:
      m_Left: 0
      m_Right: 0
      m_Top: 0
      m_Bottom: 0
    m_Overflow:
      m_Left: 0
      m_Right: 0
      m_Top: 0
      m_Bottom: 0
    m_Font: {fileID: 0}
    m_FontSize: 0
    m_FontStyle: 0
    m_Alignment: 0
    m_WordWrap: 0
    m_RichText: 1
    m_TextClipping: 0
    m_ImagePosition: 0
    m_ContentOffset: {x: 0, y: 0}
    m_FixedWidth: 0
    m_FixedHeight: 0
    m_StretchWidth: 1
    m_StretchHeight: 0
  images:
  - {fileID: 2800000, guid: dc4d92a414e23934085a9fd343b355c2, type: 3}
  - {fileID: 2800000, guid: 170e3a61f089c7a4fbe204266bbd0b46, type: 3}
  - {fileID: 2800000, guid: 9a36ddd9259a86041a120f760b3e0309, type: 3}
  - {fileID: 2800000, guid: 0965cb284621ccb4fb16f0f8c78b4fba, type: 3}
  - {fileID: 2800000, guid: 2084366122bd9d44e95c8cd53da7f661, type: 3}
  - {fileID: 2800000, guid: e0a4700675af0cb469e3c1cfa62deb5b, type: 3}
  - {fileID: 2800000, guid: 43c2da7221a01b34d9ac79932b55e504, type: 3}
  - {fileID: 2800000, guid: e759e8b3adb4e9044ad9ede7ef5beac9, type: 3}
  - {fileID: 2800000, guid: d974f5a69657c4c4fa1b5b2145ce40e0, type: 3}
  - {fileID: 2800000, guid: 9907e4cddef9cd44983689c2933e4611, type: 3}
  - {fileID: 2800000, guid: d3d9eeaf7909a49438d7de6a1a8e5d15, type: 3}
  - {fileID: 2800000, guid: b321c20ca38cfa8409c4cf5a94919fdb, type: 3}
  - {fileID: 2800000, guid: faf76017da78eaf4e99e2b199cec605f, type: 3}
  - {fileID: 2800000, guid: 5b16e6e0fb14a7447be8a93bad5bc68d, type: 3}
  - {fileID: 2800000, guid: 2e66a975818a4a64bb19e490e371c0b9, type: 3}
  - {fileID: 2800000, guid: df465fb11b7952d41b80bee999e119ef, type: 3}
  - {fileID: 2800000, guid: 27548654db8187e428e106882c963233, type: 3}
  - {fileID: 2800000, guid: b52cb5928d235294c911b44a0d3886e1, type: 3}
  - {fileID: 2800000, guid: e9c7f41021a441743ad66e39b1e6c724, type: 3}
  - {fileID: 2800000, guid: 537d570f012b3534eb461869b2ee669e, type: 3}
  - {fileID: 2800000, guid: b5af15011ab50ff45bf4bd90c41754c5, type: 3}
  - {fileID: 2800000, guid: 315266adbf3b10048af0eb923a2f160b, type: 3}
  - {fileID: 2800000, guid: 43eeef2454b94e94c9c728f07fed605f, type: 3}
  - {fileID: 2800000, guid: 12c0618c656f9634fb634d621640b097, type: 3}
  - {fileID: 2800000, guid: e664fdb7343647d4d87136b77f81cb81, type: 3}
  - {fileID: 2800000, guid: d734e9a2c6195eb49ab0f04737cb2360, type: 3}
  - {fileID: 2800000, guid: 988eccbfd8feb4b4a882b830e430a5c7, type: 3}
  - {fileID: 2800000, guid: eb5f5bc6016781a46843ff0081dc3d60, type: 3}
  - {fileID: 2800000, guid: 2a78679b0fa4a0d4c9d94d4fb1f48959, type: 3}
  - {fileID: 2800000, guid: 26fd5224095c5244da6958fbae6b66e0, type: 3}
  - {fileID: 2800000, guid: 24fc360d6f0cc5a4ca3821946d1bdcfd, type: 3}
  - {fileID: 2800000, guid: 6f329d48a5133884fb5473c720b4f22a, type: 3}
  - {fileID: 2800000, guid: 2a270855815a83b45a68ce8937936612, type: 3}
  - {fileID: 2800000, guid: f6a74e47b7fe3ac40bdecf7eb7a9864b, type: 3}
  - {fileID: 2800000, guid: b90bd55da3d27ff4baed459aee647b41, type: 3}
  - {fileID: 2800000, guid: 52f670f44fed6f141b6b3bde90f9cf92, type: 3}
  - {fileID: 2800000, guid: dad91a066f0167340bcebe301d81a626, type: 3}
  - {fileID: 2800000, guid: 2c982e0c280f1d945a73ebf5884a4c7e, type: 3}
  - {fileID: 2800000, guid: a5c8013abcc63f74d9e06fc3bbc35abd, type: 3}
  - {fileID: 2800000, guid: 84927515830d73544a07ecf4cc01f82e, type: 3}
  - {fileID: 2800000, guid: 3159ddb7c1248fb4a8c301e133f0b751, type: 3}
  - {fileID: 2800000, guid: ce92d369618dd6b46947ff023c394b76, type: 3}
  - {fileID: 2800000, guid: b6244f59fbac01e41aa7fed7d6f2fcd3, type: 3}
  - {fileID: 2800000, guid: 8a18917221a6c6444b33b372a4f50f9f, type: 3}
  - {fileID: 2800000, guid: 03275307cac27904c9a4cede53aee1a9, type: 3}
  - {fileID: 2800000, guid: a637a52225a668b449fd6d9eae7032e4, type: 3}
  - {fileID: 2800000, guid: f6f478af9e06eee439b4c1602bf66d29, type: 3}
  - {fileID: 2800000, guid: d6826e5053e19ea4893ac50dcee74253, type: 3}
  - {fileID: 2800000, guid: 9f63f11170c515542992cd4f9ebff31b, type: 3}
  - {fileID: 2800000, guid: 3af4231a7e1426841b7a4b79e9744c00, type: 3}
  - {fileID: 2800000, guid: 08bd223fb28bcdb40bbb1e5d765c9338, type: 3}
  - {fileID: 2800000, guid: 3d864bc5297f46244966c06787aaa120, type: 3}
  - {fileID: 2800000, guid: 7f1437c765e083647ac7a62fd947dbdc, type: 3}
  - {fileID: 2800000, guid: a6f67f040276e95439f54d265cd0c816, type: 3}
  - {fileID: 2800000, guid: d95f676337f87fc4bb3dc4c745ac3503, type: 3}
  - {fileID: 2800000, guid: be8ae244c4b01b34b9d2f8b82c7cfea7, type: 3}
  - {fileID: 2800000, guid: 1e20174c5220a34458a41bb4b189ab6c, type: 3}
  - {fileID: 2800000, guid: 70f98768a9c4ae142a525cc59515b268, type: 3}
  - {fileID: 2800000, guid: 6e74d4f8329e96344b4cb9b3414ec695, type: 3}
  - {fileID: 2800000, guid: e47246418d2fbba4497f2c5f7e204976, type: 3}
  - {fileID: 2800000, guid: 167a6f99373bdfb48bd78d427e7bdcfa, type: 3}
  - {fileID: 2800000, guid: f581b35b871db5a4c9b4f58248653486, type: 3}
  - {fileID: 2800000, guid: 8934337995c6a584c8a6b0282ff585fe, type: 3}
  - {fileID: 2800000, guid: 8454bb09263585f4c8e253a6e1b2e8a6, type: 3}
  - {fileID: 2800000, guid: d5ce77d311cdd7d4cb10605f6c1bdb53, type: 3}
  - {fileID: 2800000, guid: 8a445a534cc8c00418c06e82c47cb07f, type: 3}
  - {fileID: 2800000, guid: 4bd290f96c722d645bc9c0ebc8274ca9, type: 3}
  - {fileID: 2800000, guid: bd7eb6307c4e8644c95cfb98645c1f04, type: 3}
  - {fileID: 2800000, guid: ecc67ff6289c77046819df5f9e483f4f, type: 3}
  - {fileID: 2800000, guid: 0a6c121f8a457ed46aad7f46c7fc4d17, type: 3}
  - {fileID: 2800000, guid: 4b2670c7d8316b7438ec84d7a91acab9, type: 3}
  - {fileID: 2800000, guid: d7569383e49e13347918951ea54f33af, type: 3}
  - {fileID: 2800000, guid: 7b4de5bc3b4ec8d4f81d6bf6f2931c99, type: 3}
  - {fileID: 2800000, guid: bc9ea3b52edbbb8429d366928a0e7ef5, type: 3}
  - {fileID: 2800000, guid: 5a0e480bb0f0ee14f8e39727c416ba4a, type: 3}
  - {fileID: 2800000, guid: 285533b8ca9ab8045ae12448e5028464, type: 3}
  - {fileID: 2800000, guid: d677f26836393bd47b3631b7abee8508, type: 3}
  - {fileID: 2800000, guid: 46f61a56412cfad4ea9d94966db3f219, type: 3}
  - {fileID: 2800000, guid: 9c998ea1b0b2ba9479ca593150cbdf51, type: 3}
  - {fileID: 2800000, guid: 006259792314d914ea604eab87203e8b, type: 3}
  - {fileID: 2800000, guid: b3e4f36d1efbd584391fc6785b401ca0, type: 3}
  - {fileID: 2800000, guid: 37fb9de5865a42040b58f2453647da83, type: 3}
  - {fileID: 2800000, guid: 6598677c507422b4fad994df30daeeb3, type: 3}
  - {fileID: 2800000, guid: 0544b0758116e0e47af89cb40796bc79, type: 3}
  - {fileID: 2800000, guid: 6104b47b93727014985100094cab657f, type: 3}
  - {fileID: 2800000, guid: f47fe30cb24bd0243b3249f74acd1af8, type: 3}
  - {fileID: 2800000, guid: b3227ac5029b1d749aa2d23b335dd521, type: 3}
  - {fileID: 2800000, guid: b6b26ae72f4dd5043bb39beea32391a8, type: 3}
  - {fileID: 2800000, guid: f611f832ef74e3c4581efd7f8bf6d924, type: 3}
  - {fileID: 2800000, guid: e2d72d081c30a4648be44fa378643d09, type: 3}
  - {fileID: 2800000, guid: b6b50d65442ef6042af6fa6ea843fbfb, type: 3}
  - {fileID: 2800000, guid: 9911f505f952c8c4c8fc0b1ca011af7e, type: 3}
  - {fileID: 2800000, guid: 9e7f6ff956fb9c946b333aef3596a594, type: 3}
  - {fileID: 2800000, guid: b8627efaef8d09a41a709214870b41c2, type: 3}
  - {fileID: 2800000, guid: 0cc7069c1dc1a9e4bbf0933630bb7da6, type: 3}
  - {fileID: 2800000, guid: 72b8c311f16a11a409934985e794e8a2, type: 3}
  - {fileID: 2800000, guid: 8c07a27b7a8fa284991f32ebbfa55fc9, type: 3}
  - {fileID: 2800000, guid: ff9735d1fa5d16646b9cb713aa0c07c4, type: 3}
  - {fileID: 2800000, guid: 8db534f2dbb1be6419ba0295959e6c9d, type: 3}
  - {fileID: 2800000, guid: 64d9c55825334224c9df3b26e1cab2d1, type: 3}
  - {fileID: 2800000, guid: 44da8ca25a85ba6479fd25d8dd12e73b, type: 3}
  - {fileID: 2800000, guid: ebb985c2d20e663409c9b3bff5caa19f, type: 3}
  - {fileID: 2800000, guid: 691d456b6854df646b29d0bf25be0c74, type: 3}
  - {fileID: 2800000, guid: ae5cf16618859874cad64fbd370dec19, type: 3}
  - {fileID: 2800000, guid: c15fdd8b1c0cd294f80baf09f611cde9, type: 3}
  - {fileID: 2800000, guid: 1dbe059e5c09d614d8a6651304e76f48, type: 3}
  - {fileID: 2800000, guid: 938f69786497b8848bec83b36fe3a6fc, type: 3}
  - {fileID: 2800000, guid: 208efd9e6432bd643b1c1a2227e1bf97, type: 3}
  - {fileID: 2800000, guid: 8c3e8695767ecac4dbc9fdd6464a8ac7, type: 3}
  - {fileID: 2800000, guid: ffab421f8599eae4fbf5d7baafc6af70, type: 3}
  - {fileID: 2800000, guid: 54b321b9fe84f53479a35e8f245e20ce, type: 3}
  - {fileID: 2800000, guid: 36bfdf1f205b4d54ba3682aee9235898, type: 3}
  - {fileID: 2800000, guid: a773adad111795246949cd5a26277389, type: 3}
  - {fileID: 2800000, guid: 395d9278d8635a34899c4d485dc5518e, type: 3}
  - {fileID: 2800000, guid: 04219460f44ac2c4bb3921e4d8efdc02, type: 3}
  - {fileID: 2800000, guid: 72c8f7a5dde44994e9f9ab194629c5fb, type: 3}
  - {fileID: 2800000, guid: 1bcc600040afd9549a7617e755afa50f, type: 3}
  - {fileID: 2800000, guid: cd160f7f21e379d4ba4c148bcebf4755, type: 3}
  - {fileID: 2800000, guid: 666402f139d6a7e4a8fdf49020d9c6f0, type: 3}
  - {fileID: 2800000, guid: fdcd706531099eb478c2552718d8cb29, type: 3}
  - {fileID: 2800000, guid: f718f49432b2537468c1bfbf3e1ff99f, type: 3}
  - {fileID: 2800000, guid: 35a99a97f71e5fc408c91832e2ff2dca, type: 3}
  - {fileID: 2800000, guid: 17d580100c60ff84e8364eb83a6b94e5, type: 3}
  - {fileID: 2800000, guid: b6152b44cf0554846b6cb0682a15f8a4, type: 3}
  - {fileID: 2800000, guid: e7fe066f2b18f5c429d26d65b25211bd, type: 3}
  - {fileID: 2800000, guid: 3d7aa5af9f982dd49b4cc08ec54c0707, type: 3}
  - {fileID: 2800000, guid: efac40b57f1e47b4987c21f8102ee8f3, type: 3}
  - {fileID: 2800000, guid: f65d6169b7b1614478b116c58f2556e3, type: 3}
  - {fileID: 2800000, guid: f76b9387d1a6456458050675407adb23, type: 3}
  - {fileID: 2800000, guid: 81aa65beaaf9bab4091ea66c62262a51, type: 3}
  - {fileID: 2800000, guid: 607e078ff26f80044a4caa84afe7982c, type: 3}
  - {fileID: 2800000, guid: 9660a27c2b7a04b48bb1963f7277475d, type: 3}
  - {fileID: 2800000, guid: 6a2b212d3302eb9409301261139027bf, type: 3}
  - {fileID: 2800000, guid: 2e1fd8de0544e944a8efda4fc5ff9308, type: 3}
  - {fileID: 2800000, guid: 695c5cad41e766648a68987eb215d80e, type: 3}
  - {fileID: 2800000, guid: 58f440d95bda3b84cbbb5eb3694a3e17, type: 3}
  - {fileID: 2800000, guid: f2b4def8e05396b40a8f92dba3e4bb18, type: 3}
  - {fileID: 2800000, guid: 0a7f82a43f2944c49ad527d2627c4ef6, type: 3}
  - {fileID: 2800000, guid: dee525051b83b284f8a13b95c23432e5, type: 3}
  - {fileID: 2800000, guid: d35d5e89565a40742a76c790666007ce, type: 3}
  - {fileID: 2800000, guid: cb4de6ad731225a41a6fb7129d6258fd, type: 3}
  - {fileID: 2800000, guid: 7698b8a7cf16d754ab05a5df83d6f843, type: 3}
  - {fileID: 2800000, guid: bce4b84230eed01498232d0f91c7293d, type: 3}
  - {fileID: 2800000, guid: be38c1bf0203edf43a375de3f9a8fca9, type: 3}
  - {fileID: 2800000, guid: 995de0232fc1a9741a96fdac17cd0109, type: 3}
  - {fileID: 2800000, guid: 92665f072e82ab8489de8a0fc6b52922, type: 3}
  - {fileID: 2800000, guid: 2c12863624ce9d04ba57c258555b72f1, type: 3}
  - {fileID: 2800000, guid: 0f061e0f2f4ef3e4f8eaa4226133ed46, type: 3}
  - {fileID: 2800000, guid: 3e5068e204983d24883b328061eee194, type: 3}
  - {fileID: 2800000, guid: 0ee2ab14c14a7d941809d594a19cc600, type: 3}
  - {fileID: 2800000, guid: 288f2e80b89ca66419f4766f1059ec64, type: 3}
  num: 
  DatabaseEntryStringWidth: 100
  scrollPosition: {x: 0, y: 0}
  pkd: {fileID: 2800000, guid: 90408df2678343542a17228a96ad7557, type: 3}
  guii: {fileID: 731532456}
